@article{Coker2016,
author = {Lee, Mi Kyung and Coker, David F.},
title = {Modeling Electronic-Nuclear Interactions for Excitation Energy Transfer Processes in Light-Harvesting Complexes},
journal = {J. Phys. Chem. Lett.},
volume = {7},
number = {16},
pages = {3171-3178},
year = {2016},
doi = {10.1021/acs.jpclett.6b01440},
}

@article{Coker20162,
author = {Mi Kyung Lee and Pengfei Huo and David F. Coker},
title = {Semiclassical Path Integral Dynamics: Photosynthetic Energy Transfer with Realistic Environment Interactions},
journal = {Annu. Rev. Phys. Chem.},
volume = {67},
number = {1},
pages = {639-668},
year = {2016},
doi = {10.1146/annurev-physchem-040215-112252},
}

@article{Santoro2012,
author ="Avila Ferrer, Francisco Jose and Santoro, Fabrizio",
title  ="Comparison of vertical and adiabatic harmonic approaches for the calculation of the vibrational structure of electronic spectra",
journal  ="Phys. Chem. Chem. Phys.",
year  ="2012",
volume  ="14",
issue  ="39",
pages  ="13549-13563",
publisher  ="The Royal Society of Chemistry",
doi  ="10.1039/C2CP41169E",
}

@article{Neese2007,
author = "Frank Neese and Taras Petrenko and Dmitry Ganyushin and Gottfried Olbrich",
title = "Advanced aspects of ab initio theoretical optical spectroscopy of transition metal complexes: Multiplets, spin-orbit coupling and resonance Raman intensities ",
journal = "Coor. Chem. Rev. ",
volume = "251",
number = "3-4",
pages = "288 - 327",
year = "2007",
doi = "http://dx.doi.org/10.1016/j.ccr.2006.05.019",
}

